@Manual{aq-18_decoupling,
	Author = "Benthos",
	Title = "AQ-18 suggested decoupling",
}

@Manual{ads1282_ds,
	Author = "Texas Instruments",
	Edition = "Revised 2010",
	Title = "ADS1282 - High Resolution Analog-to-Digital Converter",
	Year = "2007",
}

@Manual{ads1282evm_ds,
	Author = "Texas Instruments",
	Edition = "Revised 2011",
	Organization = "Texas Instruments",
	Title = "ADS1282EVM and ADS1282EVM-PDK User's Guide",
	Year = "2009",
}

@Manual{opa627_ds,
	Author = "Burr - Brown",
	Organization = "Texas Instruments",
	Title = "OPA627 - Precicion High-Speed Difet; Operational Amplifiers",
	Year = "1989",
}

@Manual{opa633_ds,
	Author = "Burr - Brown",
	Organization = "Texas Instruments",
	Title = "OPA633 - High Speed Buffer Amplifier",
	Year = "1993",
}

@Manual{buf634_ds,
	Author = "Burr - Brown",
	Organization = "Texas Instruments",
	Title = "BUF634 - 250mA High-Speed Buffer",
	Year = "1996",
}

@Manual{opa1632_ds,
	Author = "Texas Instruments",
	Edition = "Revised 2010",
	Title = "OPA1632 - High-Performance, Fully-Differential Audio Operational Amplifier",
	Year = "2003",
}

@Manual{fully_diff_opamps,
	Author = "Texas Instruments",
	Edition = "Rev. D.",
	Month = "January",
	Title = "Fully Differential Amplifiers",
	Year = "2002",
}

@Manual{aq_18_ds,
	Author = "International Transducer Corporation",
	Title = "AQ-18 - Model ITC-8073",
}

@Unpublished{buoy_spec,
	Author = "Gaute Hope",
	Month = "08",
	Note = "Buoy specification",
	Title = "Gautebøye: Buoy specification",
	Year = "2012",
}

@Unpublished{file_spec,
	Author = "Gaute Hope",
	Month = "8",
	Note = "File specification",
	Title = "Gautebøye: File specification",
	Year = "2012",
}

@Unpublished{instrument_response,
	Author = "Gaute Hope",
	Month = "5",
	Note = "Instrument Response",
	Title = "Gautebøye: Instrument Response",
	Year = "2012",
}

@Unpublished{local_data_capacity_budget,
	Author = "Gaute Hope",
	Note = "Local data capacity budget",
	Title = "Gautebøye: Local data capacity budget",
	Year = "2012",
}

@Manual{em_406A_gps_ds,
	Author = "GlobalSat",
	Title = "Product User Manual GPS Receiver Engine Board EM-406A",
}

