@Manual{aq-18_decoupling,
	Author = "Benthos",
	Title = "AQ-18 suggested decoupling",
}

@Manual{ads1282_ds,
	Author = "Texas Instrument",
	Edition = "rev b",
	Organization = "Texas Instruments",
	Title = "ADS1282 (Datasheet)",
}

@Manual{ads1282evm_ds,
	Author = "Texas Instrument",
	Organization = "Texas Instruments",
	Title = "ADS1282EVM (datasheet)",
}

@Manual{opa629_ds,
	Author = "Texas Instruments",
	Organization = "Texas Instruments",
	Title = "OPA629 datasheet",
}

@Manual{opa1632_ds,
	Author = "Texas Instruments",
	Title = "OPA1632 datasheet",
}

